@misc{atkinson2023proposal,
  title={Project Proposal},
  author={Atkinson, Alfie},
  year={2023},
  note={University of Lincoln, School of Computer Science}
}

@misc{atkinson2024interim,
  title={Project Interim Report},
  author={Atkinson, Alfie},
  year={2024},
  note={University of Lincoln, School of Computer Science}
}

@article{dhuria2015sentiment,
  title={Sentiment analysis: An approach in natural language processing for data extraction},
  author={Dhuria, Shabina},
  journal={International Journal of New Innovations in Engineering and Technology},
  volume={2},
  number={4},
  pages={27--31},
  year={2015}
}

@inproceedings{mishra2022data,
  title={Data extraction approach using natural language processing for sentiment analysis},
  author={Mishra, Shreyash and Choubey, Siddhartha and Choubey, Abha and Yogeesh, N and Rao, J Durga Prasad and William, P},
  booktitle={2022 International Conference on Automation, Computing and Renewable Systems (ICACRS)},
  pages={970--972},
  year={2022},
  organization={IEEE}
}

@article{anny2022sentiment,
  title={Sentiment analysis and opinion mining on E-commerce site},
  author={Anny, Fatema Tuz Zohra and Islam, Oahidul},
  journal={arXiv preprint arXiv:2211.15536},
  year={2022}
}

@misc{sayce2022twitter,
  title={The number of tweets per day in 2022},
  author={Sayce, David},
  year={2022},
  note={Available from \url{https://www.dsayce.com/social-media/tweets-day/} [Accessed 12 Mar 2024]}
}

@article{berestova2022consumers,
  title={Consumers' active reaction to brands taking stands on public issues on Twitter},
  author={Berestova, Anastasiia and Kim, Da-Yeon and Kim, Sang-Yong},
  journal={Sustainability},
  volume={14},
  number={1},
  pages={567},
  year={2022},
  publisher={MDPI}
}

@article{kang2019social,
  title={Social media posts on the Samsung Galaxy Note 7 explosion: A comparative analysis of crisis framing and sentiment in three nations},
  author={Kang, Seok and Shim, KyuJin and Kim, Jiyoun},
  journal={Journal of International Crisis and Risk Communication Research},
  volume={2},
  number={2},
  pages={259--289},
  year={2019},
  publisher={Nicholson School of Communication and Media Orlando, Florida}
}

@article{mostafa2013more,
  title={More than words: Social networks' text mining for consumer brand sentiments},
  author={Mostafa, Mohamed M},
  journal={Expert systems with applications},
  volume={40},
  number={10},
  pages={4241--4251},
  year={2013},
  publisher={Elsevier}
}

@article{kang2019social,
  title={Social media posts on the Samsung Galaxy Note 7 explosion: A comparative analysis of crisis framing and sentiment in three nations},
  author={Kang, Seok and Shim, KyuJin and Kim, Jiyoun},
  journal={Journal of International Crisis and Risk Communication Research},
  volume={2},
  number={2},
  pages={259--289},
  year={2019},
  publisher={Nicholson School of Communication and Media Orlando, Florida}
}

@article{lange2011people,
  title={What Are People Saying about Your Company, Your Products, or Your Brand?},
  author={Lange, Kathy and Sethi, Saratendu},
  journal={SAS Institute Inc},
  year={2011},
  publisher={Citeseer}
}

@inproceedings{hu2017analyzing,
  title={Analyzing users` sentiment towards popular consumer industries and brands on twitter},
  author={Hu, Guoning and Bhargava, Preeti and Fuhrmann, Saul and Ellinger, Sarah and Spasojevic, Nemanja},
  booktitle={2017 IEEE International Conference on Data Mining Workshops (ICDMW)},
  pages={381--388},
  year={2017},
  organization={IEEE}
}

@article{pang2004sentimental,
  title={A sentimental education: Sentiment analysis using subjectivity summarization based on minimum cuts},
  author={Pang, Bo and Lee, Lillian},
  journal={arXiv preprint cs/0409058},
  year={2004}
}

@inproceedings{zhou2016linguistic,
  title={Linguistic understanding of complaints and praises in user reviews},
  author={Zhou, Guangyu and Ganesan, Kavita},
  booktitle={Proceedings of the 7th Workshop on Computational Approaches to Subjectivity, Sentiment and Social Media Analysis},
  pages={109--114},
  year={2016}
}

@inproceedings{nasukawa2003sentiment,
  title={Sentiment analysis: Capturing favorability using natural language processing},
  author={Nasukawa, Tetsuya and Yi, Jeonghee},
  booktitle={Proceedings of the 2nd international conference on Knowledge capture},
  pages={70--77},
  year={2003}
}

@inproceedings{d2019sentiment,
  title={Sentiment analysis based on multiple reviews by using machine learning approaches},
  author={D`souza, Stephina Rodney and Sonawane, Kavita},
  booktitle={2019 3rd international conference on computing methodologies and communication (ICCMC)},
  pages={188--193},
  year={2019},
  organization={IEEE}
}

@misc{dean2023social,
  title={Social Media Usage \& Growth Statistics},
  author={Dean, Brian},
  year={2023},
  note={Available from \url{https://backlinko.com/social-media-users} [Accessed 12 Mar 2024]}
}

@misc{camacho2021new,
  title={New trends and applications in social media analytics},
  author={Camacho, David and Luz{\'o}n, Ma Victoria and Cambria, Erik},
  journal={Future Generation Computer Systems},
  volume={114},
  pages={318--321},
  year={2021},
  publisher={Elsevier}
}

@article{ausat2023utilisation,
  title={Utilisation of Social Media in Market Research and Business Decision Analysis},
  author={Ausat, Abu Muna Almaududi and Permana, Riko Mersandro and Angellia, Filda and Subagja, Agus Dedi and Astutik, Wahyuni Sri},
  journal={Jurnal Minfo Polgan},
  volume={12},
  number={1},
  pages={652--661},
  year={2023}
}

@inproceedings{malic2019social,
  title={Analysis of social media},
  author={Goran Mali'c},
  year={2019},
  url={https://api.semanticscholar.org/CorpusID:88481375}
}

@article{cvijanovic2014market,
  title={Market Research and Marketing Information Systems},
  author={Cvijanovic, Drago and Mihailovic, Branko and Nikolic, Aleksandra},
  journal={International Journal of Economic Practices and Theories},
  volume={4},
  number={2},
  pages={191--198},
  year={2014}
}

@article{shikovets2023digital,
  title={DIDGITAL [sic] TOOLS OF MODERN MARKETING RESEARCH},
  author={Shikovets, Catherine and Kvita, Halyna and Bebko, Svetlana},
  journal={Market Infrastructure},
  year={2023}
}

@inproceedings{abirami2017survey,
  title={A survey on sentiment analysis methods and approach},
  author={Abirami, AM and Gayathri, V},
  booktitle={2016 Eighth International Conference on Advanced Computing (ICoAC)},
  pages={72--76},
  year={2017},
  organization={IEEE}
}

@article{barbu2013eight,
  title={Eight contemporary trends in the market research industry.},
  author={Barbu, Alina},
  journal={Management \& Marketing},
  volume={8},
  number={3},
  year={2013}
}

@article{vikram2020use,
  title={Use of Social Feedback to Improve Product and Service Quality},
  author={Vikram, G and Kumar, FJ Peter},
  journal={International Journal of Recent Technology and Engineering},
  year={2020}
}

@inproceedings{kanev2023leveraging,
  title={Leveraging User Experience for Enhancing Product Design: A Study of Data Collection and Evaluation},
  author={Kanev, Gabriel and Mladenova, Tsvetelina and Valova, Irena},
  booktitle={2023 5th International Congress on Human-Computer Interaction, Optimization and Robotic Applications (HORA)},
  pages={01--06},
  year={2023},
  organization={IEEE}
}

@article{kupec2015marketing,
  title={Marketing Research of Digital Life of Bank Clients},
  author={Kupec, V{\'a}clav and others},
  journal={Marketing Identity},
  volume={3},
  number={1/2},
  pages={116--125},
  year={2015},
  publisher={Univerzita sv. Cyrila a Metoda v Trnave, Fakulta masmedi{\'a}lnej komunik{\'a}cie}
}

@article{gerdes2008integrative,
  title={An integrative approach to assess qualitative and quantitative consumer feedback},
  author={Gerdes, John and Stringam, Betsy Bender and Brookshire, Robert G},
  journal={Electronic Commerce Research},
  volume={8},
  pages={217--234},
  year={2008},
  publisher={Springer}
}

@inproceedings{rajnayak2017traditional,
  title={Traditional vs. Machine Learning Techniques: Customer Propensity},
  author={Rajnayak, Mamta A and Moitra, Snigdha and Nahata, Charu},
  booktitle={Intelligent Information and Database Systems: 9th Asian Conference, ACIIDS 2017, Kanazawa, Japan, April 3--5, 2017, Proceedings, Part II 9},
  pages={653--663},
  year={2017},
  organization={Springer}
}

@inproceedings{kansara2020comparison,
  title={Comparison of traditional machine learning and deep learning approaches for sentiment analysis},
  author={Kansara, Dhvani and Sawant, Vinaya},
  booktitle={Advanced Computing Technologies and Applications: Proceedings of 2nd International Conference on Advanced Computing Technologies and Applicationsâ€”ICACTA 2020},
  pages={365--377},
  year={2020},
  organization={Springer}
}

@inproceedings{kamruzzaman2021comparative,
  title={A comparative analysis of sentiment classification based on deep and traditional ensemble machine learning models},
  author={Kamruzzaman, Mahammed and Hossain, Mohammed and Imran, Md Rashidul Islam and Bakchy, Sagor Chandro},
  booktitle={2021 International Conference on Science \& Contemporary Technologies (ICSCT)},
  pages={1--5},
  year={2021},
  organization={IEEE}
}

@article{ezen2020comparison,
  title={A Comparison of LSTM and BERT for Small Corpus},
  author={Ezen-Can, Aysu},
  journal={arXiv preprint arXiv:2009.05451},
  year={2020}
}

@article{rangila2022sentiment,
  title={Sentimental Analysis using Bert Algorithm over LSTM},
  author={Mohammed Athar Rangila and Soham Khandke and Yash Mohite and Komal Kamble},
  journal={International Journal of Advanced Research in Science, Communication and Technology},
  year={2022},
}

@article{qiang2021lsbert,
  title={Lsbert: Lexical simplification based on bert},
  author={Qiang, Jipeng and Li, Yun and Zhu, Yi and Yuan, Yunhao and Shi, Yang and Wu, Xindong},
  journal={IEEE/ACM transactions on audio, speech, and language processing},
  volume={29},
  pages={3064--3076},
  year={2021},
  publisher={IEEE}
}

@inproceedings{dhola2021comparative,
  title={A comparative evaluation of traditional machine learning and deep learning classification techniques for sentiment analysis},
  author={Dhola, Kaushik and Saradva, Mann},
  booktitle={2021 11th international conference on cloud computing, data science \& engineering (Confluence)},
  pages={932--936},
  year={2021},
  organization={IEEE}
}

@inproceedings{yin2023prompt,
  title={Prompt-Oriented Fine-Tuning Dual Bert for Aspect-Based Sentiment Analysis},
  author={Yin, Wen and Xu, Yi and Liu, Cencen and Zheng, Dezhang and Wang, Qi and Liu, Chuanjie},
  booktitle={International Conference on Artificial Neural Networks},
  pages={505--517},
  year={2023},
  organization={Springer}
}

@article{marres2013scraping,
  title={Scraping the social? Issues in live social research},
  author={Marres, Noortje and Weltevrede, Esther},
  journal={Journal of cultural economy},
  volume={6},
  number={3},
  pages={313--335},
  year={2013},
  publisher={Taylor \& Francis}
}

@article{hernandez2018web,
  title={A web scraping methodology for bypassing twitter API restrictions},
  author={Hernandez-Suarez, Aldo and Sanchez-Perez, Gabriel and Toscano-Medina, Karina and Martinez-Hernandez, Victor and Sanchez, Victor and Perez-Meana, Hector},
  journal={arXiv preprint arXiv:1803.09875},
  year={2018}
}

@article{baskaran2018automated,
  title={Automated scraping of structured data records from health discussion forums using semantic analysis},
  author={Baskaran, Umamageswari and Ramanujam, Kalpana},
  journal={Informatics in Medicine Unlocked},
  volume={10},
  pages={149--158},
  year={2018},
  publisher={Elsevier}
}

@article{dewi2019social,
  title={Social media web scraping using social media developers API and regex},
  author={Dewi, Lusiana Citra and Chandra, Alvin and others},
  journal={Procedia Computer Science},
  volume={157},
  pages={444--449},
  year={2019},
  publisher={Elsevier}
}

@article{mohammad2022ethics,
  title={Ethics sheet for automatic emotion recognition and sentiment analysis},
  author={Mohammad, Saif M},
  journal={Computational Linguistics},
  volume={48},
  number={2},
  pages={239--278},
  year={2022},
  publisher={MIT Press One Broadway, 12th Floor, Cambridge, Massachusetts 02142, USA~â€¦}
}

@inproceedings{veeraselvi2014semantic,
  title={Semantic orientation approach for sentiment classification},
  author={Veeraselvi, SJ and Saranya, C},
  booktitle={2014 international conference on green computing communication and electrical engineering (ICGCCEE)},
  pages={1--6},
  year={2014},
  organization={IEEE}
}

@article{basiri2014exploiting,
  title={Exploiting reviewersâ€™ comment histories for sentiment analysis},
  author={Basiri, Mohammad Ehsan and Ghasem-Aghaee, Nasser and Naghsh-Nilchi, Ahmad Reza},
  journal={Journal of Information Science},
  volume={40},
  number={3},
  pages={313--328},
  year={2014},
  publisher={Sage Publications Sage UK: London, England}
}

@article{liu2010sentiment,
  title={Sentiment analysis: A multi-faceted problem},
  author={Liu, Bing},
  journal={IEEE intelligent systems},
  volume={25},
  number={3},
  pages={76--80},
  year={2010},
  publisher={Citeseer}
}

@article{chandra2015sentiment,
  title={Sentiment analysis and its challenges},
  author={Chandra, Chandni Nav and Gupta, Sarishty and Pahade, Renuka},
  journal={International Journal of Engineering Research \& Technology},
  volume={4},
  number={03},
  pages={968--970},
  year={2015}
}

@article{krotov2020tutorial,
  title={Tutorial: Legality and ethics of web scraping},
  author={Krotov, Vlad and Johnson, Leigh and Silva, Leiser},
  year={2020}
}

@inproceedings{fiesler2020no,
  title={No robots, spiders, or scrapers: Legal and ethical regulation of data collection methods in social media terms of service},
  author={Fiesler, Casey and Beard, Nathan and Keegan, Brian C},
  booktitle={Proceedings of the international AAAI conference on web and social media},
  volume={14},
  pages={187--196},
  year={2020}
}

@article{mancosu2020you,
  title={What you can scrape and what is right to scrape: A proposal for a tool to collect public Facebook data},
  author={Mancosu, Moreno and Vegetti, Federico},
  journal={Social Media+ Society},
  volume={6},
  number={3},
  pages={2056305120940703},
  year={2020},
  publisher={SAGE Publications Sage UK: London, England}
}

@inproceedings{zia2020there,
  title={There for the reaping: The ethics of harvesting online data for research purposes},
  author={Zia, Sadaf and De Lancey, Celina and Regan, Priscilla and Burkell, Jacquelyn},
  booktitle={Proceedings of the Annual Conference of CAIS/Actes du congr{\`e}s annuel de l'ACSI},
  year={2020}
}

@article{steinmann2016theoretical,
  title={A theoretical framework for ethical reflection in big data research},
  author={Steinmann, Michael and Matei, Sorin Adam and Collmann, Jeff},
  journal={Ethical reasoning in big data: An exploratory analysis},
  pages={11--27},
  year={2016},
  publisher={Springer}
}

@inproceedings{nayak2002intelligent,
  title={Intelligent data analysis: Issues and challenges},
  author={Nayak, Richi},
  booktitle={6th World Multi Conferences on Systemics, Cybernetics and Informatics},
  year={2002}
}

@incollection{choenni2021using,
  title={Using data analytics results in practice: challenges and solution directions},
  author={Choenni, Sunil and Bargh, Mortaza S and Netten, Niels and Van Den Braak, Susan},
  booktitle={Perspectives for Digital Social Innovation to Reshape the European Welfare Systems},
  pages={182--201},
  year={2021},
  publisher={IOS Press}
}

@inproceedings{duffield2014challenges,
  title={Challenges and opportunities for analysis based research in big data},
  author={Duffield, Nick and Wu, Jie},
  booktitle={2014 IEEE 33rd International Performance Computing and Communications Conference (IPCCC)},
  pages={1--1},
  year={2014},
  organization={IEEE}
}

@inproceedings{staegemann2020determining,
  title={Determining Potential Failures and Challenges in Data Driven Endeavors: A Real World Case Study Analysis.},
  author={Staegemann, Daniel and Volk, Matthias and Vu, Tuan and Bosse, Sascha and H{\"a}usler, Robert and Nahhas, Abdulrahman and Pohl, Matthias and Turowski, Klaus},
  booktitle={IoTBDS},
  pages={453--460},
  year={2020}
}

@misc{marketing2023survey,
  title={2023 Career and Salary Survey},
  author={{MarketingWeek}},
  year={2023},
  note={Available from \url{https://www.marketingweek.com/marketing-skews-young-stats/} [Accessed 12 Mar 2024]}
}

@misc{pew2019millennials,
  title={Millennials stand out for their technology use, but older generations also embrace digital life},
  author={{Pew Research Center}},
  year={2019},
  note={Available from \url{https://www.pewresearch.org/short-reads/2019/09/09/us-generations-technology-use/} [Accessed 12 Mar 2024]}
}

@misc{harvard2018research,
  title={Research: The Average Age of a Successful Startup Founder Is 45},
  author={{Harvard Business Review}},
  year={2018},
  note={Available from \url{https://hbr.org/2018/07/research-the-average-age-of-a-successful-startup-founder-is-45} [Accessed 12 Mar 2024]}
}

@misc{sentiment140dataset,
  title={Sentiment140 dataset with 1.6 million tweets},
  author={Marios Michailidis KazAnova},
  year={2017},
  note={Available from \url{https://www.kaggle.com/datasets/kazanova/sentiment140} [Accessed 17 Apr 2024]}
}

@misc{sentimentanalysistool,
  title={Sentiment Analysis Tool},
  author={Alfie Atkinson},
  year={2024},
  note={Available from \url{https://github.com/alfieatkinson/sentiment-analysis-tool}}
}